@article{bruneau20062-lid-cavity,
  title={The 2D lid-driven cavity problem revisited},
  author={Bruneau, Charles-Henri and Saad, Mazen},
  journal={Computers \& fluids},
  volume={35},
  number={3},
  pages={326--348},
  year={2006},
  publisher={Elsevier}
}
@InProceedings{gabriel04:_open_mpi,
  author       = {Edgar Gabriel and Graham E. Fagg and George Bosilca
                  and Thara Angskun and Jack J. Dongarra and Jeffrey
                  M. Squyres and Vishal Sahay and Prabhanjan Kambadur
                  and Brian Barrett and Andrew Lumsdaine and Ralph
                  H. Castain and David J. Daniel and Richard L. Graham
                  and Timothy S. Woodall },
  title        = {Open {MPI}: Goals, Concept, and Design of a Next
                  Generation {MPI} Implementation},
  booktitle    = {Proceedings, 11th European PVM/MPI Users' Group
                  Meeting},
  year         = 2004,
  address      = {Budapest, Hungary},
  pages        = {97--104},
  month        = {September}
} 
@article{beyer2019-benchmark,
  title={Reliable benchmarking: requirements and solutions},
  author={Beyer, Dirk and L{\"o}we, Stefan and Wendler, Philipp},
  journal={International Journal on Software Tools for Technology Transfer},
  volume={21},
  number={1},
  pages={1--29},
  year={2019},
  publisher={Springer}
}
@inproceedings{boyer2013gpu-pop,
  title={Recent advances on GPU computing in operations research},
  author={Boyer, Vincent and El Baz, Didier},
  booktitle={2013 IEEE International Symposium on Parallel \& Distributed Processing, Workshops and Phd Forum},
  pages={1778--1787},
  year={2013},
  organization={IEEE}
}
@incollection{pytorch,
title = {PyTorch: An Imperative Style, High-Performance Deep Learning Library},
author = {Paszke, Adam and Gross, Sam and Massa, Francisco and Lerer, Adam and Bradbury, James and Chanan, Gregory and Killeen, Trevor and Lin, Zeming and Gimelshein, Natalia and Antiga, Luca and Desmaison, Alban and Kopf, Andreas and Yang, Edward and DeVito, Zachary and Raison, Martin and Tejani, Alykhan and Chilamkurthy, Sasank and Steiner, Benoit and Fang, Lu and Bai, Junjie and Chintala, Soumith},
booktitle = {Advances in Neural Information Processing Systems 32},
editor = {H. Wallach and H. Larochelle and A. Beygelzimer and F. d\textquotesingle Alch\'{e}-Buc and E. Fox and R. Garnett},
pages = {8024--8035},
year = {2019},
publisher = {Curran Associates, Inc.},
url = {http://papers.neurips.cc/paper/9015-pytorch-an-imperative-style-high-performance-deep-learning-library.pdf}
}
@article{precision-nvidia,
  title={Precision \& performance: Floating point and IEEE 754 compliance for NVIDIA GPUs},
  author={Whitehead, Nathan and Fit-Florea, Alex},
  journal={rn (A+ B)},
  volume={21},
  number={1},
  pages={18749--19424},
  year={2011}
}
